@book{cormen2001,
	author = "Cormen, Thomas H. and Leiserson, Charles E. and
		Rivest, Ronald L. and Stein, Clifford",
	title = "{Introduction to Algorithms}",
	publisher = "MIT Press",
	year = "2001",
	address = "55 Hayward St., Cambridge, MA 02142-1315, USA",
	edition = "2",
}

@article{denys2002,
	author = "Denys, G. and Piessens, F. and Matthijs, F.",
	title = "{A Survey of Customizability in Operating Systems Research}",
	year = "2002",
	journal = "ACM Computing Surveys (CSUR)",
	volume = "34",
	number = "4",
	pages = "450--468",
	month = "December",
	issn = "0360-0300",
}

@inproceedings{gefflaut2000,
	author = "Gefflaut, Alain and Jaeger, Trent and Park, Yoonho and
	  Liedtke, Jochen and Elphinstone, Kevin J. and Uhlig, Volkmar and
	  Tidswell, Jonathon E. and Deller, Luke and Reuther, Lars",
	title = "{The Sawmill Multiserver Approach}",
	booktitle = "{Proceedings of the 9th Workshop on ACM SIGOPS European
	  Workshop: Beyond the PC: New Challenges for the Operating System}",
	year = "2000",
	number = "9",
	series = "7",
	pages = "109--114",
	address = "Kolding, Denmark",
	month = "September",
	organization = "ACM SIGOPS European Workshop",
	publisher = "ACM Press, New York, NY, USA",
}

@manual{grub_info,
	title = "{GRUB Manual}",
	edition = "0.94",
	organization = "GNU",
}

@mastersthesis{herder2005,
	author = "Herder, Jorrit N.",
	title = "{Towards a True Microkernel Operating System}",
	school = "Vrije Universiteit Amsterdam",
	year = "2005",
	month = "February",
}

@book{hennessy2003,
	author = "Hennessy, John L. and Patterson, David A.",
	title = "{Computer Architecture: A Quantitative Approach}",
	publisher = "Morgan Kaufmann",
	year = "2003",
	address = "340 Pine Street, Sixth Floor, San Francisco, CA 94104-3205,
	  USA",
	edition = "3",
}

@manual{hurdl4ref2003,
	title = "{Porting the GNU Hurd to the L4 Microkernel}",
	author = "Brinkmann, Marcus",
	organization = "Free Software Foundation, Inc.",
	month = "August",
	year = "2003",
}

@book{ia32-1-2004,
	author = "Intel",
	title = "{IA-32 Intel Architecture Software Developer's Manual: Basic
	  Architecture}",
	publisher = "Intel Corporation",
	year = "2004",
	address = "Denver, CO 80217-9808, USA",
	volume = "1",
}

@manual{l4ref2005,
	title = "{L4 eXperimental Kernel Reference Manual}",
	author = "System Architecture Group: L4Ka Team",
	organization = "Universit{\"a}t Karlsruhe",
	edition = "6",
	month = "June",
	year = "2005",
}

@misc{l4mailings,
	title = "{GNU Hurd-L4 Mailing Lists}",
	howpublished = "URL: http://lists.gnu.org/mailman/listinfo/l4-hurd",
}

@article{leschke2004,
	author = "Leschke, Tim",
	title = "{Achieving Speed and Flexibility by Separating Management from
	  Protection: Embracing the Exokernel Operating System}",
	year = "2004",
	journal = "ACM SIGOPS Operating Systems Review",
	volume = "38",
	number = "4",
	pages = "5--19",
	month = "October",
	issn = "0163-5980",
	abstract = "The modern operating system is currently caught in a
	  tug-of-war between two forces. At one end, there is a force that is
	  demanding that the operating system become more flexible to handle
	  the needs of evolving hardware and evolving user applications. At
	  the other end, there is a force that is demanding that the operating
	  system become more efficient to meet the needs of faster hardware.
	  If the modern operating system does not keep pace with these two
	  forces, it could cause the progress in computer design to become
	  stagnant.",
}

@article{liedtke1996,
	author = "Liedtke, Jochen",
	title = "{Toward Real Microkernels}",
	year = "1996",
	journal = "Communications of the ACM",
	volume = "39",
	number = "9",
	pages = "70--77",
	month = "September",
	issn = "0001-0782",
}

@manual{mach_ref_2001,
	title = "{The GNU Mach Reference Manual}",
	author = "Brinkmann, Marcus and Matzigkeit, Gordon and Hasnaoui,
          Gibran and Baron, Robert V. and Draves, Richard P. and
          Thompson, Mary R. and Barrera, Joseph S.",
	organization = "Free Software Foundation, Inc.",
	edition = "0.4",
	month = "September",
	year = "2001",
}

@book{mckusick1996,
  author = "McKusick, Kirk Marshall and Bostic, Keith and Karels, Michael J.
    and Quarterman, John S.",
  title = "{The Design and Implementation of the 4.4 BSD Operating System}",
  publisher = "Addison-Wesley",
  year = "1996",
  address = "Reading, MA, USA",
  edition = "1",
}

@manual{multiboot_info,
	title = "{Multiboot Specification}",
	edition = "0.6.93",
}

@inproceedings{shapiro2002DEO,
	author = "Shapiro, Jonathan S. and Adams, Jonathan",
	title = "{Design Evolution of the EROS Single-Level Store}",
	year = "2002",
	booktitle = "{2002 USENIX Annual Technical Conference}",
	year = "2002",
	month = "May",
}

@book{stallings2005,
	author = "Stallings, William",
	title = "{Operating Systems}",
	publisher = "Prentice Hall",
	year = "2005",
	address = "Upper Saddle River, New Jersey 07458, USA",
	edition = "5",
}

@book{tanenbaum2002,
	author = "Tanenbaum, Andrew S. and Van Steen, Maarten",
	title = "{Distributed Systems: Principles and Paradigms}",
	publisher = "Prentice Hall",
	year = "2002",
	address = "Upper Saddle River, New Jersey 07458, USA",
	edition = "1",
}
